<record><leader>00000cas a22000007a 4500</leader><controlfield tag="001">27033876</controlfield><controlfield tag="008">921127d19851992ctuwr ne      0    0eng d</controlfield><datafield ind1=" " ind2=" " tag="010"><subfield code="a">sn 92051529 </subfield></datafield><datafield ind1=" " ind2=" " tag="040"><subfield code="a">CNW</subfield><subfield code="b">eng</subfield><subfield code="c">CNW</subfield><subfield code="d">OCLCQ</subfield></datafield><datafield ind1=" " ind2=" " tag="042"><subfield code="a">msc</subfield></datafield><datafield ind1="0" ind2=" " tag="130"><subfield code="a">Weekly star (Newtown, Conn.)</subfield></datafield><datafield ind1="1" ind2="4" tag="245"><subfield code="a">The weekly star.</subfield></datafield><datafield ind1=" " ind2=" " tag="260"><subfield code="a">Newtown, Conn. :</subfield><subfield code="b">Bee Pub. Co.</subfield></datafield><datafield ind1=" " ind2=" " tag="300"><subfield code="a">v.</subfield></datafield><datafield ind1=" " ind2=" " tag="310"><subfield code="a">Weekly</subfield></datafield><datafield ind1="0" ind2=" " tag="362"><subfield code="a">Vol. 1, no. 1 (May 20, 1985)-v. 8, no. 41 (Oct. 10, 1992).</subfield></datafield><datafield ind1=" " ind2=" " tag="530"><subfield code="a">Available on microfilm from New England Micrographics, Marlboro, Mass.</subfield></datafield><datafield ind1=" " ind2="4" tag="651"><subfield code="a">Bethlehem (Conn.)</subfield><subfield code="v">Newspapers.</subfield></datafield><datafield ind1=" " ind2="4" tag="651"><subfield code="a">Bridgewater (Conn.)</subfield><subfield code="v">Newspapers.</subfield></datafield><datafield ind1=" " ind2="4" tag="651"><subfield code="a">Middlebury (Conn.)</subfield><subfield code="v">Newspapers.</subfield></datafield><datafield ind1=" " ind2="4" tag="651"><subfield code="a">Oxford (Conn.)</subfield><subfield code="v">Newspapers.</subfield></datafield><datafield ind1=" " ind2="4" tag="651"><subfield code="a">Roxbury (Conn.)</subfield><subfield code="v">Newspapers.</subfield></datafield><datafield ind1=" " ind2="4" tag="651"><subfield code="a">Southbury (Conn.)</subfield><subfield code="v">Newspapers.</subfield></datafield><datafield ind1=" " ind2="4" tag="651"><subfield code="a">Woodbury (Conn.)</subfield><subfield code="v">Newspapers.</subfield></datafield><datafield ind1=" " ind2=" " tag="752"><subfield code="a">United States</subfield><subfield code="b">Connecticut</subfield><subfield code="c">Fairfield</subfield><subfield code="d">Newtown.</subfield></datafield><datafield ind1="0" ind2=" " tag="775"><subfield code="t">Newtown bee (Newtown, Conn.)</subfield><subfield code="w">(DLC)sn 92051487</subfield><subfield code="w">(OCoLC)26243284</subfield></datafield><datafield ind1="0" ind2="4" tag="785"><subfield code="t">Voices (Southbury, Conn.)</subfield><subfield code="w">(DLC)sn 92051478</subfield><subfield code="w">(OCoLC)27033774</subfield></datafield><datafield ind1="1" ind2=" " tag="029"><subfield code="a">AU@</subfield><subfield code="b">000020741756</subfield></datafield></record>